@book{WendySandler:2006,
	author = {Sandler Wendy, Lillo-Martin Diane},
	title = {Sign Language and Linguistic Universals},
	year = {2006},
	isbn = {9780521483957},
} 

@MISC{deafnessAndHearingLoss,
	author = {World Health Organization},
	title = {Deafness and hearing loss},
	year = {2019},
	howpublished = "\url{https://www.who.int/news-room/fact-sheets/detail/deafness-and-hearing-loss}",
}

@inproceedings{AnimatingAnimalMotionFromStill,
	author = {Xu, Xuemiao and Wan, Liang and Liu, Xiaopei and Wong, Tien-Tsin and Wang, Liansheng and Leung, Chi-Sing},
	title = {Animating Animal Motion from Still},
	booktitle = {ACM SIGGRAPH Asia 2008 Papers},
	series = {SIGGRAPH Asia '08},
	year = {2008},
	isbn = {978-1-4503-1831-0},
	location = {Singapore},
	pages = {117:1--117:8},
	articleno = {117},
	numpages = {8},
	url = {http://doi.acm.org/10.1145/1457515.1409070},
	doi = {10.1145/1457515.1409070},
	acmid = {1409070},
	publisher = {ACM},
	address = {New York, NY, USA},
	keywords = {animal group, consistency refinement, motion cycle, motion inference, still picture},
} 
@article{Xu:2008:AAM:1409060.1409070,
	author = {Xu, Xuemiao and Wan, Liang and Liu, Xiaopei and Wong, Tien-Tsin and Wang, Liansheng and Leung, Chi-Sing},
	title = {Animating Animal Motion from Still},
	journal = {ACM Trans. Graph.},
	issue_date = {December 2008},
	volume = {27},
	number = {5},
	month = dec,
	year = {2008},
	issn = {0730-0301},
	pages = {117:1--117:8},
	articleno = {117},
	numpages = {8},
	url = {http://doi.acm.org/10.1145/1409060.1409070},
	doi = {10.1145/1409060.1409070},
	acmid = {1409070},
	publisher = {ACM},
	address = {New York, NY, USA},
	keywords = {animal group, consistency refinement, motion cycle, motion inference, still picture},
} 
@INPROCEEDINGS{ASLLexiconVideoDataset, 
	author={V. {Athitsos} and C. {Neidle} and S. {Sclaroff} and J. {Nash} and A. {Stefan} and and A. {Thangali}}, 
	booktitle={2008 IEEE Computer Society Conference on Computer Vision and Pattern Recognition Workshops}, 
	title={The American Sign Language Lexicon Video Dataset}, 
	year={2008}, 
	volume={}, 
	number={}, 
	pages={1-8}, 
	keywords={computer vision;handicapped aids;image sequences;learning (artificial intelligence);American sign language lexicon video dataset;written representation;English translation;public dataset;video sequences;computer vision system;machine learning methods;Handicapped aids;Dictionaries;Video sequences;Vocabulary;Computer science;Computer vision;Data engineering;Learning systems;Design methodology;Machine learning}, 
	doi={10.1109/CVPRW.2008.4563181}, 
	ISSN={2160-7508}, 
	month={June},}

@INPROCEEDINGS{DeafTalkUsing3DAnimatedSignLanguage, 
	author={M. {Ahmed} and M. {Idrees} and Z. {ul Abideen} and R. {Mumtaz} and S. {Khalique}}, 
	booktitle={2016 SAI Computing Conference (SAI)}, 
	title={Deaf talk using 3D animated sign language: A sign language interpreter using Microsoft's kinect v2}, 
	year={2016}, 
	volume={}, 
	number={}, 
	pages={330-335}, 
	keywords={application program interfaces;computer animation;handicapped aids;sign language recognition;deaf talk;3D animated sign language;sign language interpreter;Microsoft Kinect v2;speech conversion;speech to sign language conversion;sign to speech conversion module;sign language gestures;text to speech conversion module;speech to text API;Speech;Gesture recognition;Assistive technology;Animation;Three-dimensional displays;Auditory system;Natural languages;Sign language;Sign to speech;Kinect;Deaf talk;Sign language interpreter}, 
	doi={10.1109/SAI.2016.7556002}, 
	ISSN={}, 
	month={July},}

@INPROCEEDINGS{ChineseLanguageAnimation, 
	author={L. {Jinghua} and Y. {Baocai} and W. {Lichun} and K. {Dehui} and W. {Yufei}}, 
	booktitle={2012 Fourth International Conference on Digital Home}, 
	title={Diversified Gesture Generation for Chinese Sign Language Animation}, 
	year={2012}, 
	volume={}, 
	number={}, 
	pages={179-183}, 
	keywords={computer animation;information retrieval;natural language processing;sign language recognition;word processing;gesture generation;Chinese sign language animation;sign language word capturing;context free environment;database construction;sign language word reservation;sign language word retrieval;nonlinear magnification;diversified gesture generation method;computing model;neutral state;emphasis context;deaf student teacher;concatenating-based sign language synthesis;Handicapped aids;Gesture recognition;Context;Stress;Animation;Educational institutions;Computational modeling;Chinese Sign Language synthesis;Gesture generation;CSLML}, 
	doi={10.1109/ICDH.2012.44}, 
	ISSN={}, 
	month={Nov},}
@inproceedings{openpose1,
	author = {Zhe Cao and Gines Hidalgo and Tomas Simon and Shih-En Wei and Yaser Sheikh},
	booktitle = {arXiv preprint arXiv:1812.08008},
	title = {Open{P}ose: realtime multi-person 2{D} pose estimation using {P}art {A}ffinity {F}ields},
	year = {2018}
}

@inproceedings{openpose2,
	author = {Zhe Cao and Tomas Simon and Shih-En Wei and Yaser Sheikh},
	booktitle = {CVPR},
	title = {Realtime Multi-Person 2D Pose Estimation using Part Affinity Fields},
	year = {2017}
}

@inproceedings{openpose3,
	author = {Tomas Simon and Hanbyul Joo and Iain Matthews and Yaser Sheikh},
	booktitle = {CVPR},
	title = {Hand Keypoint Detection in Single Images using Multiview Bootstrapping},
	year = {2017}
}

@inproceedings{openpose4,
	author = {Shih-En Wei and Varun Ramakrishna and Takeo Kanade and Yaser Sheikh},
	booktitle = {CVPR},
	title = {Convolutional pose machines},
	year = {2016}
}
@inproceedings{tessa,
	author = {Cox, Stephen and Lincoln, Mike and Tryggvason, Judy and Nakisa, Mel and Wells, Mariah and Tutt, Marcus and Abbott, Sanja},
	year = {2002},
	month = {01},
	pages = {205-212},
	title = {TESSA, a system to aid communication with deaf people},
	journal = {Annual ACM Conference on Assistive Technologies, Proceedings},
	doi = {10.1145/638249.638287}
}
@article{signlanguageanimationusingtvml,
	author = {Kaneko, Hiroyuki and Hamaguchi, Narichika and Douke, M and Inoue, Seiki},
	year = {2010},
	month = {01},
	pages = {},
	title = {Sign language animation using TVML},
	doi = {10.1145/1900179.1900240}
}
@inproceedings{3danimationframeworkforsignlanguage,
	author = {Punchimudiyanse, Malinda and Meegama, Gayan},
	year = {2015},
	month = {03},
	pages = {},
	title = {3D Animation framework for sign language}
}